% This file was created with JabRef 2.10.
% Encoding: UTF8


@Article{berjonRC,
  Title                    = {Riesgo Cardiovascular. Evidencias que orientan la actuación clínica.},
  Author                   = {Manuel Jesus Serrano, Jesús Berjón Reyero, Aurora Salaberri, Carlos Amézqueta Goñi},
  Journaltitle             = {Sistema Sanitario de Navarra},
  Year                     = {2013},

  Owner                    = {Sergio},
  Timestamp                = {2019.03.18}
}

@Article{tagle2007estimacion,
  Title                    = {Estimación del riesgo cardiovascular según el algoritmo de Framingham en sujetos con síndrome metabólico, definido por los criterios del NCEP-ATP-III},
  Author                   = {Tagle-Luzárraga, Marino and Gómez-Vargas, Fausto and Guerrero-Rodríguez, Lynn and Tagle-Morla, Andrea and Franco-Bajaña, María Fernanda},
  Year                     = {2007},
  Number                   = {4},
  Pages                    = {211--215},
  Volume                   = {54},

  Journal                  = {Endocrinología y Nutrición},
  Publisher                = {Elsevier}
}

@comment{jabref-meta: databaseType:biblatex;}

